 
@book {munkres,
    AUTHOR = {Munkres, James R.},
     TITLE = {Topology},
      NOTE = {Second edition},
 PUBLISHER = {Prentice Hall, Inc., Upper Saddle River, NJ},
      YEAR = {2000},
     PAGES = {xvi+537},
      ISBN = {0-13-181629-2},
   MRCLASS = {54-01},
  MRNUMBER = {3728284},
}

@book {szamuely,
    AUTHOR = {Szamuely, Tam\'{a}s},
     TITLE = {Galois groups and fundamental groups},
    SERIES = {Cambridge Studies in Advanced Mathematics},
    VOLUME = {117},
 PUBLISHER = {Cambridge University Press, Cambridge},
      YEAR = {2009},
     PAGES = {x+270},
      ISBN = {978-0-521-88850-9},
   MRCLASS = {14H30 (11-02 12F10 14G32)},
  MRNUMBER = {2548205},
MRREVIEWER = {Swaminathan Subramanian},
       DOI = {10.1017/CBO9780511627064},
       URL = {https://doi.org/10.1017/CBO9780511627064},
}

@article {zheng,
    AUTHOR = {Zheng, Hao},
     TITLE = {Realizability of branched coverings of {$S^2$}},
   JOURNAL = {Topology Appl.},
  FJOURNAL = {Topology and its Applications},
    VOLUME = {153},
      YEAR = {2006},
    NUMBER = {12},
     PAGES = {2124--2134},
      ISSN = {0166-8641},
   MRCLASS = {57M12 (05C30)},
  MRNUMBER = {2239076},
MRREVIEWER = {M. L. Marx},
       DOI = {10.1016/j.topol.2005.08.007},
       URL = {https://doi.org/10.1016/j.topol.2005.08.007},
}

@article {edmonds,
    AUTHOR = {Edmonds, Allan L. and Kulkarni, Ravi S. and Stong, Robert E.},
     TITLE = {Realizability of branched coverings of surfaces},
   JOURNAL = {Trans. Amer. Math. Soc.},
  FJOURNAL = {Transactions of the American Mathematical Society},
    VOLUME = {282},
      YEAR = {1984},
    NUMBER = {2},
     PAGES = {773--790},
      ISSN = {0002-9947},
   MRCLASS = {57M12 (30F10)},
  MRNUMBER = {732119},
MRREVIEWER = {J. H. Rubinstein},
       DOI = {10.2307/1999265},
       URL = {https://doi.org/10.2307/1999265},
}

@incollection {pervova-methods,
    AUTHOR = {Pervova, Ekaterina and Petronio, Carlo},
     TITLE = {Realizability and exceptionality of candidate surface branched
              covers: methods and results},
 BOOKTITLE = {Geometry {S}eminars. 2005--2009 ({I}talian)},
     PAGES = {105--120},
 PUBLISHER = {Univ. Stud. Bologna, Bologna},
      YEAR = {2010},
   MRCLASS = {57M12},
  MRNUMBER = {2655758},
MRREVIEWER = {Allan Edmonds},
}

@article {pervova-existence-i,
    AUTHOR = {Pervova, Ekaterina and Petronio, Carlo},
     TITLE = {On the existence of branched coverings between surfaces with
              prescribed branch data. {I}},
   JOURNAL = {Algebr. Geom. Topol.},
  FJOURNAL = {Algebraic \& Geometric Topology},
    VOLUME = {6},
      YEAR = {2006},
     PAGES = {1957--1985},
      ISSN = {1472-2747},
   MRCLASS = {57M12 (57M30 57N05)},
  MRNUMBER = {2263056},
MRREVIEWER = {Bruno P. Zimmermann},
       DOI = {10.2140/agt.2006.6.1957},
       URL = {https://doi.org/10.2140/agt.2006.6.1957},
}

@article {pervova-existence-ii,
    AUTHOR = {Pervova, Ekaterina and Petronio, Carlo},
     TITLE = {On the existence of branched coverings between surfaces with
              prescribed branch data. {II}},
   JOURNAL = {J. Knot Theory Ramifications},
  FJOURNAL = {Journal of Knot Theory and its Ramifications},
    VOLUME = {17},
      YEAR = {2008},
    NUMBER = {7},
     PAGES = {787--816},
      ISSN = {0218-2165},
   MRCLASS = {57M12 (57N05)},
  MRNUMBER = {2436584},
MRREVIEWER = {Bruno P. Zimmermann},
       DOI = {10.1142/S0218216508006397},
       URL = {https://doi.org/10.1142/S0218216508006397},
}

@article {massey-covering,
    AUTHOR = {Massey, William S.},
     TITLE = {Finite covering spaces of {$2$}-manifolds with boundary},
   JOURNAL = {Duke Math. J.},
  FJOURNAL = {Duke Mathematical Journal},
    VOLUME = {41},
      YEAR = {1974},
     PAGES = {875--887},
      ISSN = {0012-7094},
   MRCLASS = {55A10},
  MRNUMBER = {356020},
MRREVIEWER = {F. Laudenbach},
       URL = {http://projecteuclid.org/euclid.dmj/1077310745},
}

@article {sarti,
    AUTHOR = {Petronio, Carlo and Sarti, Filippo},
     TITLE = {Counting surface branched covers},
   JOURNAL = {Studia Sci. Math. Hungar.},
  FJOURNAL = {Studia Scientiarum Mathematicarum Hungarica. A Quarterly of
              the Hungarian Academy of Sciences},
    VOLUME = {56},
      YEAR = {2019},
    NUMBER = {3},
     PAGES = {309--322},
      ISSN = {0081-6906},
   MRCLASS = {57M12},
  MRNUMBER = {4020338},
MRREVIEWER = {Daciberg Lima Gon\c{c}alves},
       DOI = {10.1556/012.2019.56.3.1431},
       URL = {https://doi.org/10.1556/012.2019.56.3.1431},
}

@article {hurwitz,
    AUTHOR = {Hurwitz, Adolf},
     TITLE = {\"{U}ber {R}iemann'sche {F}l\"{a}chen mit gegebenen
              {V}erzweigungspunkten},
   JOURNAL = {Math. Ann.},
  FJOURNAL = {Mathematische Annalen},
    VOLUME = {39},
      YEAR = {1891},
    NUMBER = {1},
     PAGES = {1--60},
      ISSN = {0025-5831},
   MRCLASS = {DML},
  MRNUMBER = {1510692},
       DOI = {10.1007/BF01199469},
       URL = {https://doi.org/10.1007/BF01199469},
}

@article {hurwitz-counting-1,
    AUTHOR = {Monni, Stefano and Song, Jun S. and Song, Yun S.},
     TITLE = {The {H}urwitz enumeration problem of branched covers and
              {H}odge integrals},
   JOURNAL = {J. Geom. Phys.},
  FJOURNAL = {Journal of Geometry and Physics},
    VOLUME = {50},
      YEAR = {2004},
    NUMBER = {1-4},
     PAGES = {223--256},
      ISSN = {0393-0440},
   MRCLASS = {14N10 (14N35 30F10)},
  MRNUMBER = {2078227},
MRREVIEWER = {Gary P. Kennedy},
       DOI = {10.1016/j.geomphys.2003.11.003},
       URL = {https://doi.org/10.1016/j.geomphys.2003.11.003},
}
@article {hurwitz-counting-2,
    AUTHOR = {Kwak, Jin Ho and Mednykh, Alexander},
     TITLE = {Enumerating branched coverings over surfaces with boundaries},
   JOURNAL = {European J. Combin.},
  FJOURNAL = {European Journal of Combinatorics},
    VOLUME = {25},
      YEAR = {2004},
    NUMBER = {1},
     PAGES = {23--34},
      ISSN = {0195-6698},
   MRCLASS = {05C10 (05C30 05C70 57M12)},
  MRNUMBER = {2031799},
MRREVIEWER = {M. L. Marx},
       DOI = {10.1016/j.ejc.2003.09.005},
       URL = {https://doi.org/10.1016/j.ejc.2003.09.005},
}

@article {hurwitz-counting-3,
    AUTHOR = {Petronio, Carlo},
     TITLE = {Explicit computation of some families of {H}urwitz numbers},
   JOURNAL = {European J. Combin.},
  FJOURNAL = {European Journal of Combinatorics},
    VOLUME = {75},
      YEAR = {2019},
     PAGES = {136--151},
      ISSN = {0195-6698},
   MRCLASS = {57M12 (05A15)},
  MRNUMBER = {3862959},
MRREVIEWER = {Daciberg Lima Gon\c{c}alves},
       DOI = {10.1016/j.ejc.2018.08.008},
       URL = {https://doi.org/10.1016/j.ejc.2018.08.008},
}

@article {hurwitz-counting-4,
    AUTHOR = {Petronio, Carlo},
     TITLE = {Explicit computation of some families of {H}urwitz numbers,
              {II}},
   JOURNAL = {Adv. Geom.},
  FJOURNAL = {Advances in Geometry},
    VOLUME = {20},
      YEAR = {2020},
    NUMBER = {4},
     PAGES = {483--498},
      ISSN = {1615-715X},
   MRCLASS = {57M12},
  MRNUMBER = {4160283},
       DOI = {10.1515/advgeom-2020-0013},
       URL = {https://doi.org/10.1515/advgeom-2020-0013},
}

@article {hurwitz-counting-5,
    AUTHOR = {Petronio, Carlo},
     TITLE = {Realizations of certain odd-degree surface branch data},
   JOURNAL = {Rend. Istit. Mat. Univ. Trieste},
  FJOURNAL = {Rendiconti dell'Istituto di Matematica dell'Universit\`a di
              Trieste. An International Journal of Mathematics},
    VOLUME = {52},
      YEAR = {2020},
     PAGES = {355--379},
      ISSN = {0049-4704},
   MRCLASS = {57M12},
  MRNUMBER = {4207642},
       DOI = {10.13137/2464-8728/30767},
       URL = {https://doi.org/10.13137/2464-8728/30767},
}

@incollection {grothendieck,
    AUTHOR = {Grothendieck, Alexandre},
     TITLE = {Esquisse d'un programme},
 BOOKTITLE = {Geometric {G}alois actions, 1},
    SERIES = {London Math. Soc. Lecture Note Ser.},
    VOLUME = {242},
     PAGES = {5--48},
      NOTE = {With an English translation on pp. 243--283},
 PUBLISHER = {Cambridge Univ. Press, Cambridge},
      YEAR = {1997},
   MRCLASS = {14H10 (14F20 14H30)},
  MRNUMBER = {1483107},
MRREVIEWER = {Hiroaki Nakamura},
}

@article {pakovich,
    AUTHOR = {Pakovich, Fedor},
     TITLE = {Solution of the {H}urwitz problem for {L}aurent polynomials},
   JOURNAL = {J. Knot Theory Ramifications},
  FJOURNAL = {Journal of Knot Theory and its Ramifications},
    VOLUME = {18},
      YEAR = {2009},
    NUMBER = {2},
     PAGES = {271--302},
      ISSN = {0218-2165},
   MRCLASS = {57M12 (05C10 57M15)},
  MRNUMBER = {2507927},
MRREVIEWER = {Alexander Zvonkin},
       DOI = {10.1142/S0218216509006896},
       URL = {https://doi.org/10.1142/S0218216509006896},
}

@book {sagan,
    AUTHOR = {Sagan, Bruce E.},
     TITLE = {The symmetric group},
    SERIES = {Graduate Texts in Mathematics},
    VOLUME = {203},
   EDITION = {Second},
      NOTE = {Representations, combinatorial algorithms, and symmetric
              functions},
 PUBLISHER = {Springer-Verlag, New York},
      YEAR = {2001},
     PAGES = {xvi+238},
      ISBN = {0-387-95067-2},
   MRCLASS = {05E10 (05E05 20C30)},
  MRNUMBER = {1824028},
       DOI = {10.1007/978-1-4757-6804-6},
       URL = {https://doi.org/10.1007/978-1-4757-6804-6},
}